<record><leader>00000cas a22000007a 4500</leader><controlfield tag="001">9860700</controlfield><controlfield tag="008">830830d18421842mauwr ne      0    0eng d</controlfield><datafield ind1=" " ind2=" " tag="010"><subfield code="a">sn 83021042 </subfield></datafield><datafield ind1=" " ind2=" " tag="040"><subfield code="a">NPX</subfield><subfield code="b">eng</subfield><subfield code="c">NPX</subfield><subfield code="d">OCLCQ</subfield></datafield><datafield ind1=" " ind2=" " tag="042"><subfield code="a">msc</subfield></datafield><datafield ind1=" " ind2=" " tag="043"><subfield code="a">n-us-ma</subfield></datafield><datafield ind1="0" ind2=" " tag="130"><subfield code="a">Wasp (Worcester, Mass.)</subfield></datafield><datafield ind1="1" ind2="4" tag="245"><subfield code="a">The Wasp.</subfield></datafield><datafield ind1=" " ind2=" " tag="260"><subfield code="a">Worcester, Mass. :</subfield><subfield code="b">[s.n.]</subfield></datafield><datafield ind1=" " ind2=" " tag="300"><subfield code="a">v. ;</subfield><subfield code="c">44 cm.</subfield></datafield><datafield ind1=" " ind2=" " tag="310"><subfield code="a">Weekly</subfield></datafield><datafield ind1="1" ind2=" " tag="362"><subfield code="a">Began and ceased in 1842.</subfield><subfield code="z">Cf. Wall, C.A. Reminiscences of Worcester, 1877.</subfield></datafield><datafield ind1=" " ind2=" " tag="500"><subfield code="a">Editor: J. Whiting, &lt;Oct. 1-Nov. 5, 1842&gt;.</subfield></datafield><datafield ind1=" " ind2=" " tag="500"><subfield code="a">Printers: Church &amp; Fiske.</subfield></datafield><datafield ind1=" " ind2=" " tag="500"><subfield code="a">"Democratic" campaign paper.</subfield></datafield><datafield ind1=" " ind2=" " tag="580"><subfield code="a">Published at the office of: Worcester palladium (1840).</subfield></datafield><datafield ind1=" " ind2=" " tag="588"><subfield code="a">Description based on: No. 5 (Oct. 1, 1842).</subfield></datafield><datafield ind1="1" ind2=" " tag="700"><subfield code="a">Whiting, J.</subfield></datafield><datafield ind1=" " ind2=" " tag="752"><subfield code="a">United States</subfield><subfield code="b">Massachusetts</subfield><subfield code="c">Worcester</subfield><subfield code="d">Worcester.</subfield></datafield><datafield ind1="1" ind2=" " tag="787"><subfield code="t">Worcester palladium</subfield><subfield code="w">(DLC)sn 83020925</subfield></datafield><datafield ind1=" " ind2=" " tag="936"><subfield code="a">1842 Nov. 5</subfield></datafield><datafield ind1="1" ind2=" " tag="029"><subfield code="a">AU@</subfield><subfield code="b">000025800340</subfield></datafield></record>